<?xml version="1.0" encoding="UTF-8"?><collection xmlns="http://www.loc.gov/MARC21/slim"><record><leader>00476nam--2200145-i-4500</leader><controlfield tag="001">000035811</controlfield><controlfield tag="002">20161230</controlfield><controlfield tag="005">20161230201040</controlfield><controlfield tag="008">060222s1000------------r-----000-0-eng-d</controlfield><datafield ind1=" " ind2=" " tag="080"><subfield code="a">621.391.63</subfield></datafield><datafield ind1=" " ind2=" " tag="245"><subfield code="a">Optical fiber characterization backscatter, time domain bandwidth, refracted near field and interlaboratory comparisons</subfield></datafield><datafield ind1=" " ind2=" " tag="260"><subfield code="a">Washington, U.S.Department Of Commerce, 1982, Vi + 200p</subfield></datafield><datafield ind1=" " ind2=" " tag="490"><subfield code="a">Nbs Special Publ</subfield></datafield><datafield ind1=" " ind2=" " tag="700"><subfield code="a">Danielson, B.L./S.A.</subfield></datafield><datafield ind1=" " ind2=" " tag="852"><subfield code="a">80075</subfield></datafield></record></collection>